@Article{Lum2013,
author={Lum, P. Y.
and Singh, G.
and Lehman, A.
and Ishkanov, T.
and Vejdemo-Johansson, M.
and Alagappan, M.
and Carlsson, J.
and Carlsson, G.},
title={Extracting insights from the shape of complex data using topology},
journal={Scientific Reports},
year={2013},
month={Feb},
day={07},
publisher={The Author(s) SN  -},
volume={3},
pages={1236 EP  -},
note={Article},
url={http://dx.doi.org/10.1038/srep01236}
}
@Misc{Netflix,
title = {Netflix Prize Dataset},
howpublished = {\url{https://archive.org/details/nf_prize_dataset.tar}}, 
note = {Accessed: 2017-03-27}}
